@article{buck2020go,
author = {Buck, Sean and Carter, Ted},
journal = {Journal of Beating Army},
pages = {1845--2022},
title = {{Go Navy, beat Army}},
volume = {22},
year = {2020}
}

@manual{r2020,
address = {Vienna, Austria},
author = {{R Core Team}},
organization = {R Foundation for Statistical Computing},
title = {{R: A Language and Environment for Statistical Computing}},
url = {https://www.r-project.org/},
year = {2020}
}

@article{wickham2019tidyverse,
author = {Wickham, Hadley and Averick, Mara and Bryan, Jennifer and Chang, Winston and McGowan, Lucy D'Agostino and Fran{\c{c}}ois, Romain and Grolemund, Garrett and Hayes, Alex and Henry, Lionel and Hester, Jim and Kuhn, Max and Pedersen, Thomas Lin and Miller, Evan and Bache, Stephan Milton and M{\"{u}}ller, Kirill and Ooms, Jeroen and Robinson, David and Seidel, Dana Paige and Spinu, Vitalie and Takahashi, Kohske and Vaughan, Davis and Wilke, Claus and Woo, Kara and Yutani, Hiroaki},
doi = {10.21105/joss.01686},
journal = {Journal of Open Source Software},
number = {43},
pages = {1686},
title = {Welcome to the tidyverse},
volume = {4},
year = {2019}
}

@article{delangre2008effects,
author={de Langre, Emmanuel},
year={2008},
title={Effects of wind on plants},
journal={Annual Review of Fluid Mechanics},
volume={40},
pages={141--168},
doi={10.1146/annurev.fluid.40.111406.102135}
}

@book{kundu2012fluid,
author={Kundu, Pijush K and Cohen, Ira M and Dowling, David R},
year={2012},
title={Fluid Mechanics},
edition={5th},
address={Waltham, MA},
publisher={Elsevier}
}

@book{vogel1994life,
author={Vogel, Steven},
year={1994},
title={Life in Moving Fluids: the physical biology of flow},
publisher={Princeton University Press}}

@book{vogel2003comparative,
author={Vogel, Steven},
year={2003},
title={Comparative Biomechanics: life's physical world},
publisher={Princeton University Press}}

@article{vogel1989drag,
author={Vogel, Steven},
year={1989},
title={Drag and reconfiguration of broad leaves in high winds},
journal={Journal of Experimental Botany},
volume={40},
pages={941--948},
doi={10.1093/jxb/40.8.941}
}

@article{miller2012reconfiguration,
author={Miller, Laura A and Santhanakrishnan, Arvind and Jones, Shannon and Hamlet, Christina and Mertens, Keith and Zhu, Luoding},
year={2012},
title={Reconfiguration and the reduction of vortex-induced vibrations in broad leaves},
journal={Journal of Experimental Biology},
volume={215},
pages={2716--2727},
doi={10.1242/jeb.064501}
}

@incollection{morton1987grapefruit,
author={Morton, J},
year={1987},
title={Grapefruit},
booktitle={Fruits of Warm Climates},
editor={Morton, Julia F},
address={Miami, FL},
publisher={Echo Point}
}

@book{macfayden1837flora,
author={Macfayden, James},
year={1837},
title={The Flora of Jamaica: a description of the plants of that island},
publisher={Longman, Orme, Brown, Green and Longmans},
address={London}}

@article{kumamoto1987mystery,
author={Kumamoto, J and Scora, R W and Lawton, H W and Clerx, W A},
year={1987},
title={Mystery of the forbidden fruit: historical epilogue on the origin of the grapefruit, {{\emph{{C}itrus $\times$ paradisi}}} ({R}utaceae)},
journal={Economic Botany},
volume={41},
pages={97--107}}

@article{jussieu1789genera,
author={Jussieu, Antoine Laurent de},
year={1789},
title={Genera plantarum},
address={Paris}}

@phdthesis{carrington1992consequences,
author = {Carrington, Emily},
year = {1992},
title = {Consequences of morphological variation in an intertidal macroalga: physical constraints on growth and survival of {{\emph{{M}astocarpus papillatus}}} Kutzing},
school={Stanford University}}

@article{boller2007interspecific,
author = {Boller, Michael L and Carrington, Emily},
year = {2007},
title = {Interspecific comparison of hydrodynamic performance and structural properties among intertidal macroalgae},
journal = {Journal of Experimental Biology},
volume = {210},
pages = {1874--1884}}

@article{ennos2000functional,
author = {Ennos, A and Spatz, H and Speck, T},
year = {2000},
title = {The functional morphology of the petioles of the banana, {{\emph{{M}usa textilis}}}},
journal = {Journal of Experimental Botany},
volume = {51},
pages = {2085--2093},
}

@article{vogel2009leaves,
author = {Vogel, Steven},
year = {2009},
title = {Leaves in the lowest and highest winds: temperature, force and shape},
journal = {New Phytologist},
volume={183},
pages={13--26},
doi = {10.1111/j.1469-8137.2009.02854.x},
}

@incollection{shapiro1961shape,
author = {Shapiro, Ascher H},
year = {1961},
title = {Shape and flow: the fluid dynamics of drag},
booktitle = {Fluid Dynamics},
address = {Garden City, NY},
publisher = {Doubleday},
}

@article{stewart2006hydrodynamic,
author = {Stewart, Hannah Louise},
year = {2006},
title = {Hydrodynamic consequences of flexural stiffness and buoyancy for seaweeds: a study using physical models},
journal = {Journal of Experimental Biology},
volume = {209},
pages = {2170--2181},
doi = {10.1242/jeb.02254},
}

@article{denny2002mechanics,
author = {Denny, Mark W and Gaylord, B},
year = {2002},
title = {The mechanics of wave-swept algae},
journal = {Journal of Experimental Biology},
volume = {205},
pages = {1355--1362},
}

@article{stevenson2015when,
author = {Stevenson, Robert A and Evangelista, Dennis and Looy, Cindy V},
year = {2015},
title = {When conifers took flight: a biomechanical evaluation of an imperfect evolutionary takeoff},
journal = {Paleobiology},
volume = {41},
pages = {1--21},
doi = {10.1017/pab.2014.18},
}

@article{denny2009on,
author = {Denny, Mark W. and Harmon, Luke J and Miller, Luke P. and Harley, Christopher D G and Hunt, L. J H and Miller, Luke P. and Harley, Christopher D G},
year = {2009},
title = {On the prediction of extreme ecological events},
journal = {Ecological Monographs},
volume = {79},
pages = {397--421},
doi = {10.1890/08-0579.1},
}

@inproceedings{stewart2004hydrodynamic,
author = {Stewart, Hannah L.},
year = {2004},
title = {Hydrodynamic consequences of maintaining an upright posture by different magnitudes of stiffness and buoyancy in the tropical alga {{\emph{{T}urbinaria ornata}}}},
booktitle = {Journal of Marine Systems},
doi = {10.1016/j.jmarsys.2003.05.007},
}

@article{evangelista2014shifts,
author = {Evangelista, Dennis and Cam, Sharlene and Huynh, Tony and Kwong, Austin and Mehrabani, Homayun and Tse, Kyle and Dudley, Robert},
journal = {PeerJ},
title = {Shifts in stability and control effectiveness during evolution of Paraves support aerial maneuvering hypotheses for flight origin},
year = {2014},
volume = {2},
pages = {e262},
}

@article{evangelista2011explosive,
author={Evangelista, Dennis and Hotton, Scott and Dumais, Jacques},
year={2011},
title={The mechanics of explosive dispersal and self-burial in the seeds of the filaree, {{\emph{{E}rodium cicutarium}}} ({G}eraniaceae)},
journal={Journal of Experimental Biology},
volume={214},
pages={521--529},
doi={doi: 10.1242/jeb.050567}}

@article{denny1983simple,
author={Denny, Mark W},
year={1983},
title={A simple device for measuring the maximum force imposed on intertidal organisms},
journal={Limnology and Oceanography},
volume={28},
number={6},
pages={1269--1274},
}

@article{bell1984quantifying,
author={Bell, Emily and Denny, Mark},
year={1984},
title={Quantifying ``wave exposure'': a simple device for recording maximum velocity and results of its use at several field sites},
journal={Journal of Experimental Marine Biology and Ecology},
volume={181},
pages={9--29}}

@article{fischer1998citrus,
author={Fischer, Thilo C and Butzmann, Rainier},
year={1998},
title={{{\emph{{C}itrus meletensis}}} ({R}utaceae), a new species from the {P}liocene of {V}aldarno ({I}taly)},
journal={Plant Systematics and Evolution},
volume={210},
number={1},
pages={51--55},
doi={10.1007/BF00984727}}

@article{xie2013citrus,
author={Xie, Sanping and Manchester, Steven R and Liu, Kenan and Sun, Bainian},
year={2013},
title={{{\emph{{C}itrus linczangensis sp. n.}}}, a leaf fossil of {R}utaceae from the {L}ate {M}iocene of {Y}unnan, {C}hina},
journal={International Journal of Plant Sciences},
volume={174},
number={8},
pages={1201--1207}}
